@INPROCEEDINGS{WKS,
  author={Aubry, Mathieu and Schlickewei, Ulrich and Cremers, Daniel},
  booktitle={2011 IEEE International Conference on Computer Vision Workshops (ICCV Workshops)}, 
  title={The wave kernel signature: A quantum mechanical approach to shape analysis}, 
  year={2011},
  volume={},
  number={},
  pages={1626-1633},
  keywords={Shape;Kernel;Heating;Eigenvalues and eigenfunctions;Particle measurements;Atmospheric measurements;Energy measurement},
  doi={10.1109/ICCVW.2011.6130444}}

@article{HKS,
journal = {Computer Graphics Forum},
title = {{A Concise and Provably Informative Multi-Scale Signature Based on Heat Diffusion}},
author = {Sun, Jian and Ovsjanikov, Maks and Guibas, Leonidas},
year = {2009},
publisher = {The Eurographics Association and Blackwell Publishing Ltd},
ISSN = {1467-8659},
DOI = {10.1111/j.1467-8659.2009.01515.x}
}

@misc{ECNN,
      title={Multi-view Convolutional Neural Networks for 3D Shape Recognition}, 
      author={Hang Su and Subhransu Maji and Evangelos Kalogerakis and Erik Learned-Miller},
      year={2015},
      eprint={1505.00880},
      archivePrefix={arXiv},
      primaryClass={cs.CV}
}


@article{surfaces,
author = {Ulrich Pinkall and Konrad Polthier},
title = {Computing Discrete Minimal Surfaces and Their Conjugates},
journal = {Experimental Mathematics},
volume = {2},
number = {1},
pages = {15-36},
year = {1993},
publisher = {Taylor & Francis},
doi = {10.1080/10586458.1993.10504266},


URL = { 
    
        https://doi.org/10.1080/10586458.1993.10504266
    
    

},
eprint = { 
    
        https://doi.org/10.1080/10586458.1993.10504266
    
    

}

}